@article{RobSeyXX,
  title={Graph minors. {XX}. {W}agner's conjecture},
  author={Robertson, N. and Seymour, P.},
  journal={Journal of Combinatorial Theory, Series B},
  volume={92},
  number={2},
  pages={325--357},
  year={2004},
  publisher={Elsevier}
}
@inproceedings{rowland2017conditions,
  title={Conditions beyond treewidth for tightness of higher-order LP relaxations},
  author={Rowland, Mark and Pacchiano, Aldo and Weller, Adrian},
  booktitle={Artificial Intelligence and Statistics},
  pages={10--18},
  year={2017}
}

@Article{WaiJor08,
  author = 	 {Wainwright, M. and Jordan, M.},
  title = 	 {Graphical models, exponential families and variational inference},
  journal = 	 {Foundations and Trends in Machine Learning},
  year = 	 {2008},
  volume = 	 {1},
  number = 	 {1-2},
  pages = 	 {1-305}
}

@article{WaiJor04,
  title={Treewidth-based conditions for exactness of the {S}herali-{A}dams and {L}asserre relaxations},
  author={Wainwright, M. and Jordan, M.},
  journal={Univ. California, Berkeley, Technical Report},
  volume={671},
  pages={4},
  year={2004}
}

@InProceedings{Wel16minor,
author = {Weller, A.}, 
title = {Characterizing Tightness of {LP} Relaxations by Forbidding Signed Minors}, 
booktitle = "Uncertainty in Artifical Intelligence (UAI)", 
year = {2016} 
}

@article{salimans2017evolution,
  title={Evolution Strategies as a Scalable Alternative to Reinforcement Learning},
  author={Salimans, Tim and Ho, Jonathan and Chen, Xi and Sutskever, Ilya},
  journal={arXiv preprint arXiv:1703.03864},
  year={2017}
}
@inproceedings{wierstra2008natural,
  title={Natural evolution strategies},
  author={Wierstra, Daan and Schaul, Tom and Peters, Jan and Schmidhuber, Juergen},
  booktitle={Evolutionary Computation, 2008. CEC 2008.(IEEE World Congress on Computational Intelligence). IEEE Congress on},
  pages={3381--3387},
  year={2008},
  organization={IEEE}
}

@incollection{kennedy2011particle,
  title={Particle swarm optimization},
  author={Kennedy, James},
  booktitle={Encyclopedia of machine learning},
  pages={760--766},
  year={2011},
  publisher={Springer}
}

@book{sutton1998reinforcement,
  title={Reinforcement learning: An introduction},
  author={Sutton, Richard S and Barto, Andrew G},
  volume={1},
  number={1},
  year={1998},
  publisher={MIT press Cambridge}
}

@inproceedings{shi1998modified,
  title={A modified particle swarm optimizer},
  author={Shi, Yuhui and Eberhart, Russell},
  booktitle={Evolutionary Computation Proceedings, 1998. IEEE World Congress on Computational Intelligence., The 1998 IEEE International Conference on},
  pages={69--73},
  year={1998},
  organization={IEEE}
}


@article{lecun2015deep,
  title={Deep learning},
  author={LeCun, Yann and Bengio, Yoshua and Hinton, Geoffrey},
  journal={Nature},
  volume={521},
  number={7553},
  pages={436--444},
  year={2015},
  publisher={Nature Research}
}

@article{mnih2015human,
  title={Human-level control through deep reinforcement learning},
  author={Mnih, Volodymyr and Kavukcuoglu, Koray and Silver, David and Rusu, Andrei A and Veness, Joel and Bellemare, Marc G and Graves, Alex and Riedmiller, Martin and Fidjeland, Andreas K and Ostrovski, Georg and others},
  journal={Nature},
  volume={518},
  number={7540},
  pages={529--533},
  year={2015},
  publisher={Nature Publishing Group}
}

@article{silver2016mastering,
  title={Mastering the game of Go with deep neural networks and tree search},
  author={Silver, David and Huang, Aja and Maddison, Chris J and Guez, Arthur and Sifre, Laurent and Van Den Driessche, George and Schrittwieser, Julian and Antonoglou, Ioannis and Panneershelvam, Veda and Lanctot, Marc and others},
  journal={Nature},
  volume={529},
  number={7587},
  pages={484--489},
  year={2016},
  publisher={Nature Publishing Group}
}

@inproceedings{schulman2015trust,
  title={Trust region policy optimization},
  author={Schulman, John and Levine, Sergey and Abbeel, Pieter and Jordan, Michael and Moritz, Philipp},
  booktitle={Proceedings of the 32nd International Conference on Machine Learning (ICML-15)},
  pages={1889--1897},
  year={2015}
}

@article{schulman2015high,
  title={High-dimensional continuous control using generalized advantage estimation},
  author={Schulman, John and Moritz, Philipp and Levine, Sergey and Jordan, Michael and Abbeel, Pieter},
  journal={arXiv preprint arXiv:1506.02438},
  year={2015}
}

@article{levine2015end,
  title={End-to-end training of deep visuomotor policies},
  author={Levine, Sergey and Finn, Chelsea and Darrell, Trevor and Abbeel, Pieter},
  journal={arXiv preprint arXiv:1504.00702},
  year={2015}
}

@article{nesterov2011random,
  title={Random gradient-free minimization of convex functions},
  author={Nesterov, Yurii and Spokoiny, Vladimir},
  journal={Foundations of Computational Mathematics},
  pages={1--40},
  year={2011},
  publisher={Springer}
}

@article{duchi2015optimal,
  title={Optimal rates for zero-order convex optimization: The power of two function evaluations},
  author={Duchi, John C and Jordan, Michael I and Wainwright, Martin J and Wibisono, Andre},
  journal={IEEE Transactions on Information Theory},
  volume={61},
  number={5},
  pages={2788--2806},
  year={2015},
  publisher={IEEE}
}

@article{eberhart1995new,
  title={A new optimizer using particle swarm theory In: Proceedings of the sixth international symposium on micro machine and human science, vol 43 IEEE},
  author={Eberhart, R and Kennedy, J},
  journal={New York},
  year={1995}
}

@misc{1606.01540,
        Author = {Greg Brockman and Vicki Cheung and Ludwig Pettersson and Jonas Schneider and John Schulman and Jie Tang and Wojciech Zaremba},
        Title = {OpenAI Gym},
        Year = {2016},
        Eprint = {arXiv:1606.01540},
}

@article{kingma2014adam,
  title={Adam: A method for stochastic optimization},
  author={Kingma, Diederik and Ba, Jimmy},
  journal={arXiv preprint arXiv:1412.6980},
  year={2014}
}

@article{haarnoja2017reinforcement,
  title={Reinforcement Learning with Deep Energy-Based Policies},
  author={Haarnoja, Tuomas and Tang, Haoran and Abbeel, Pieter and Levine, Sergey},
  journal={arXiv preprint arXiv:1702.08165},
  year={2017}
}

@article{wang2016learning,
  title={Learning to draw samples: With application to amortized mle for generative adversarial learning},
  author={Wang, Dilin and Liu, Qiang},
  journal={arXiv preprint arXiv:1611.01722},
  year={2016}
}
@inproceedings{liu2016stein,
  title={Stein variational gradient descent: A general purpose Bayesian inference algorithm},
  author={Liu, Qiang and Wang, Dilin},
  booktitle={Advances In Neural Information Processing Systems},
  pages={2370--2378},
  year={2016}
}